%% LaTeX2e file `Masterthesis_first_try-bibtex-entries.bib'
%% generated by the `bibtex-entries' environment
%% from source `Masterthesis_first_try' on 2022/06/01.
%%

\input{Literatur/literatur.bib}

